@inproceedings{wang2012survey,
  title={A survey on bio-inspired algorithms for web service composition},
  author={Wang, Lijuan and Shen, Jun and Yong, Jianming},
  booktitle={Computer Supported Cooperative Work in Design (CSCWD), 2012 IEEE 16th International Conference on},
  pages={569--574},
  year={2012},
  organization={IEEE}
}